<?xml version="1.0" encoding="UTF-8"?><record xmlns="http://www.loc.gov/MARC21/slim" xmlns:cinclude="http://apache.org/cocoon/include/1.0" xmlns:zs="http://www.loc.gov/zing/srw/">
  <leader>00500nz  a2200121n  4500</leader>
  <controlfield tag="001">n  85804129 </controlfield>
  <controlfield tag="003">DLC</controlfield>
  <controlfield tag="005">19850709170737.8</controlfield>
  <controlfield tag="008">850423n| acannaab|          |n and |||  </controlfield>
  <datafield tag="010" ind1=" " ind2=" ">
    <subfield code="a">n  85804129 </subfield>
  </datafield>
  <datafield tag="040" ind1=" " ind2=" ">
    <subfield code="a">DLC</subfield>
    <subfield code="c">DLC</subfield>
  </datafield>
  <datafield tag="110" ind1="2" ind2="0">
    <subfield code="a">Red Dawn Collective (New York, N.Y.)</subfield>
  </datafield>
  <datafield tag="670" ind1=" " ind2=" ">
    <subfield code="a">nuc85-20638: School on the Afro-American National Question (1982 : Southern Satees). In defense of the right to political secession ... 1982</subfield>
    <subfield code="b">(hdg. on NjP rept.: Red Dawn Collective (New York, N.Y.); usage: Red Dawn Collective)</subfield>
  </datafield>
</record>